@MISC{External_Consistency,
	author =       {David K. Grifford},
	title =        {Information Storage in a Decentralized Computer System},
	howpublished = "\url{http://bitsavers.org/pdf/xerox/parc/techReports/CSL-81-8_Information_Storage_in_a_Decentralized_Computer_System.pdf}"
}

@MISC{Protocol_Spec,
	author =       {K. Berket and A. Essiari and D. Gunter and W. Hoschek},
	title =        {Peer-to-Peer I/O (P2PIO) Protocol Specification Version 0.6},
	howpublished = "\url{http://dst.lbl.gov/~hoschek/firefish/p2pio-spec/spec.pdf}"
}

@MISC{PeerDB,
	author =       {Wee Siong Ng and Beng Chin Ooi and Kian-Lee Tan and Aoying Zhou},
	title =        {PeerDB: A P2P-based System for Distributed Data Sharing},
	howpublished = "\url{http://www.inf.ufpr.br/eduardo/ensino/ci763/papers/peerdb.pdf}"
}

@MISC{PIER,
	author =       {Ryan Huebsch and Brent Chun and Joseph M. Hellerstein and Boon Thau Loo and Petros Maniatis and
	Timothy Roscoe and Scott Shenker and Ion Stoica and Aydan R. Yumerefendi},
	title =        {The Architecture of PIER: an Internet-Scale Query Processor},
	howpublished = "\url{http://www.huebsch.org/papers/CIDR05.pdf}"
}

@MISC{Piazza,
	author =       {Alon Y. Halevy and Zachary G. Ives and Jayant Madhavan and Peter Mork and Dan Suciu and Igor Tatarinov},
	title =        {The Piazza Peer Data Management System},
	howpublished = "\url{http://www.cis.upenn.edu/~zives/research/piazza-tkde.pdf}"
}

@ARTICLE{tapestry2004, 
    author={B. Y. Zhao and Ling Huang and J. Stribling and S. C. Rhea and A. D. Joseph and J. D. Kubiatowicz}, 
    journal={IEEE Journal on Selected Areas in Communications}, 
    title={Tapestry: a resilient global-scale overlay for service deployment}, 
    year={2004}, 
    volume={22}, 
    number={1}, 
    pages={41-53}, 
    month={Jan},
}

@InProceedings{dolr2003,
    author="Dabek, Frank
        and Zhao, Ben
        and Druschel, Peter
        and Kubiatowicz, John
        and Stoica, Ion",
    title="Towards a Common API for Structured Peer-to-Peer Overlays",
    booktitle="IPTPS",
    year="2003",
}

@MISC{Stateless_Clients,
	author =       {Vitalik Buterin},
	title =        {The Stateless Client Concept},
	howpublished = "\url{https://ethresear.ch/t/the-stateless-client-concept/172}"
}

@MISC{Plasma,
  author =       {Poon, Joseph and Buterin, Vitalik},
  title =        {Plasma: Scalable Autonomous Smart Contracts},
  howpublished = "\url{https://plasma.io/plasma.pdf}"
}

@MISC{Filecoin,
  author =       {Protocol Labs},
  title =        {Filecoin: {A Decentralized Storage Network}},
  howpublished = "\url{https://filecoin.io/filecoin.pdf}"
}

@MISC{Mechanism_design,
  author =       {The Royal Swedish Academy of Sciences},
  title =        {Mechanism design theory},
  howpublished = "\url{https://www.nobelprize.org/nobel_prizes/economic-sciences/laureates/2007/advanced-economicsciences2007.pdf}"
}

@ARTICLE{Homer_2007,
  AUTHOR =       "Homer Simpson and Mickey Mouse",
  TITLE =        "On the theory of everything",
  JOURNAL =      "Journal of the most useful theories",
  YEAR =         "2007",
  volume =       "5",
  number =       "2",
  pages =        "123-456"
}

@BOOK{Book:Crawford_1994,
  title = {Frequency Synthesizer Design Handbook},
  publisher = {Artech House},
  year = {1994},
  author = {James A. Crawford},
  address = {Norwood, MA},
  isbn = {0-89006-440-7},
}
